@inproceedings{nesterov1983method,
  title={A method of solving a convex programming problem with convergence rate O (1/k2)},
  author={Nesterov, Yurii},
  booktitle={Soviet Mathematics Doklady},
  volume={27},
  number={2},
  pages={372--376},
  year={1983}
}
@article{duchi2011adaptive,
  title={Adaptive subgradient methods for online learning and stochastic optimization},
  author={Duchi, John and Hazan, Elad and Singer, Yoram},
  journal={The Journal of Machine Learning Research},
  volume={12},
  pages={2121--2159},
  year={2011},
  publisher={JMLR. org}
}
@inproceedings{lever2012conditional,
  title={Conditional mean embeddings as regressors},
  author={Lever, Guy and Baldassarre, Luca and Patterson, Sam and Gretton, Arthur and Pontil, Massimiliano and Gr{\"u}new{\"a}lder, Steffen},
  booktitle={Proceedings of the 29th International Conference on Machine Learning (ICML-12)},
  pages={1823--1830},
  year={2012}
}
@article{fukumizu2004dimensionality,
  title={Dimensionality reduction for supervised learning with reproducing kernel Hilbert spaces},
  author={Fukumizu, Kenji and Bach, Francis R and Jordan, Michael I},
  journal={The Journal of Machine Learning Research},
  volume={5},
  pages={73--99},
  year={2004},
  publisher={JMLR. org}
}
@inproceedings{song2009hilbert,
  title={Hilbert space embeddings of conditional distributions with applications to dynamical systems},
  author={Song, Le and Huang, Jonathan and Smola, Alex and Fukumizu, Kenji},
  booktitle={Proceedings of the 26th Annual International Conference on Machine Learning},
  pages={961--968},
  year={2009},
  organization={ACM}
}
@inproceedings{fukumizu2011kernel,
  title={Kernel bayes' rule},
  author={Fukumizu, Kenji and Song, Le and Gretton, Arthur},
  booktitle={Advances in neural information processing systems},
  pages={1737--1745},
  year={2011}
}
@article{micchelli2005learning,
  title={On learning vector-valued functions},
  author={Micchelli, Charles A and Pontil, Massimiliano},
  journal={Neural computation},
  volume={17},
  number={1},
  pages={177--204},
  year={2005},
  publisher={MIT Press}
}
@article{song2013kernel,
  title={Kernel embeddings of conditional distributions: A unified kernel framework for nonparametric inference in graphical models},
  author={Song, Le and Fukumizu, Kenji and Gretton, Arthur},
  journal={Signal Processing Magazine, IEEE},
  volume={30},
  number={4},
  pages={98--111},
  year={2013},
  publisher={IEEE}
}
@article{nishiyama2012hilbert,
  title={Hilbert space embeddings of POMDPs},
  author={Nishiyama, Yu and Boularias, Abdeslam and Gretton, Arthur and Fukumizu, Kenji},
  journal={arXiv preprint arXiv:1210.4887},
  year={2012}
}
@book{boyd2004convex,
  title={Convex optimization},
  author={Boyd, Stephen and Vandenberghe, Lieven},
  year={2004},
  publisher={Cambridge university press}
}
@article{oliva2015bayesian,
  title={Bayesian Nonparametric Kernel-Learning},
  author={Oliva, Junier and Dubey, Avinava and Poczos, Barnabas and Schneider, Jeff and Xing, Eric P},
  journal={arXiv preprint arXiv:1506.08776},
  year={2015}
}
@inproceedings{rahimi2007random,
  title={Random features for large-scale kernel machines},
  author={Rahimi, Ali and Recht, Benjamin},
  booktitle={Advances in neural information processing systems},
  pages={1177--1184},
  year={2007}
}
@article{steinwart2006explicit,
  title={An explicit description of the reproducing kernel Hilbert spaces of Gaussian RBF kernels},
  author={Steinwart, Ingo and Hush, Don and Scovel, Clint},
  journal={Information Theory, IEEE Transactions on},
  volume={52},
  number={10},
  pages={4635--4643},
  year={2006},
  publisher={IEEE}
}

@article{grunewalder2012modelling,
  title={Modelling transition dynamics in MDPs with RKHS embeddings},
  author={Grunewalder, Steffen and Lever, Guy and Baldassarre, Luca and Pontil, Massi and Gretton, Arthur},
  journal={arXiv preprint arXiv:1206.4655},
  year={2012}
}

@incollection{smola2003kernels,
  title={Kernels and regularization on graphs},
  author={Smola, Alexander J and Kondor, Risi},
  booktitle={Learning theory and kernel machines},
  pages={144--158},
  year={2003},
  publisher={Springer}
}